<record><leader>00000cas a2200000 a 4500</leader><controlfield tag="001">11716623</controlfield><controlfield tag="008">850221d18771882ncuwr ne      0    0eng  </controlfield><datafield ind1=" " ind2=" " tag="010"><subfield code="a">sn 85042057 </subfield></datafield><datafield ind1=" " ind2=" " tag="040"><subfield code="a">DLC</subfield><subfield code="b">eng</subfield><subfield code="c">DLC</subfield><subfield code="d">NPX</subfield><subfield code="d">DLC</subfield><subfield code="d">NVJ</subfield><subfield code="d">DLC</subfield><subfield code="d">OCLCQ</subfield><subfield code="d">CUI</subfield><subfield code="d">OCLCQ</subfield><subfield code="d">OCLCF</subfield></datafield><datafield ind1="1" ind2=" " tag="029"><subfield code="a">AU@</subfield><subfield code="b">000026224080</subfield></datafield><datafield ind1=" " ind2=" " tag="042"><subfield code="a">pcc</subfield></datafield><datafield ind1=" " ind2=" " tag="043"><subfield code="a">n-us-nc</subfield></datafield><datafield ind1="0" ind2="0" tag="050"><subfield code="a">Newspaper</subfield></datafield><datafield ind1=" " ind2="4" tag="050"><subfield code="a">AN</subfield></datafield><datafield ind1="0" ind2=" " tag="130"><subfield code="a">Topic (Lenoir, N.C.)</subfield></datafield><datafield ind1="1" ind2="4" tag="245"><subfield code="a">The topic.</subfield></datafield><datafield ind1=" " ind2=" " tag="260"><subfield code="a">Lenoir, N.C. :</subfield><subfield code="b">Lenoir Pub. Association</subfield></datafield><datafield ind1=" " ind2=" " tag="300"><subfield code="a">v. ;</subfield><subfield code="c">56 cm.</subfield></datafield><datafield ind1=" " ind2=" " tag="310"><subfield code="a">Weekly</subfield></datafield><datafield ind1="0" ind2=" " tag="362"><subfield code="a">Vol. 3, no. 2 (Oct. 13, 1877)-v. 8, no. 5 (Oct. 11, 1882).</subfield></datafield><datafield ind1=" " ind2=" " tag="500"><subfield code="a">Democratic.</subfield></datafield><datafield ind1=" " ind2="0" tag="651"><subfield code="a">Lenoir (N.C.)</subfield><subfield code="v">Periodicals.</subfield></datafield><datafield ind1=" " ind2="0" tag="651"><subfield code="a">Caldwell County (N.C.)</subfield><subfield code="v">Periodicals.</subfield></datafield><datafield ind1=" " ind2="7" tag="655"><subfield code="a">Periodicals.</subfield><subfield code="2">fast</subfield><subfield code="0">(OCoLC)fst01411641</subfield></datafield><datafield ind1=" " ind2="7" tag="651"><subfield code="a">North Carolina</subfield><subfield code="z">Caldwell County.</subfield><subfield code="2">fast</subfield><subfield code="0">(OCoLC)fst01218045</subfield></datafield><datafield ind1=" " ind2="7" tag="651"><subfield code="a">North Carolina</subfield><subfield code="z">Lenoir.</subfield><subfield code="2">fast</subfield><subfield code="0">(OCoLC)fst01215660</subfield></datafield><datafield ind1=" " ind2=" " tag="752"><subfield code="a">United States</subfield><subfield code="b">North Carolina</subfield><subfield code="c">Caldwell</subfield><subfield code="d">Lenoir.</subfield></datafield><datafield ind1="0" ind2="0" tag="780"><subfield code="t">Lenoir topic (Lenoir, N.C. : 1876)</subfield><subfield code="w">(DLC)sn 97064558</subfield><subfield code="w">(OCoLC)37745816</subfield></datafield><datafield ind1="0" ind2="0" tag="785"><subfield code="t">Lenoir topic</subfield><subfield code="w">(DLC)sn 84024879</subfield><subfield code="w">(OCoLC)11325337</subfield></datafield></record>